@book{Chandrasekhar_bh_book,
      author        = "Chandrasekhar, S",
      title         = "{The mathematical theory of black holes}",
      publisher     = "Oxford Univ. Press",
      address       = "Oxford",
      series        = "Oxford classic texts in the physical sciences",
      year          = "2002",
      url           = "https://cds.cern.ch/record/579245",
}

@article{Newman_Penrose_paper,
author = {Ezra Newman and Roger Penrose},
title = {An Approach to Gravitational Radiation by a Method of Spin Coefficients},
journal = {Journal of Mathematical Physics},
volume = {3},
number = {3},
pages = {566-578},
year = {1962},
doi = {10.1063/1.1724257},
url = {http://dx.doi.org/10.1063/1.1724257},
}

@ARTICLE{1967JMP.....8.2155G,
       author = {{Goldberg}, J.~N. and {Macfarlane}, A.~J. and {Newman}, E.~T. and
         {Rohrlich}, F. and {Sudarshan}, E.~C.~G.},
        title = "{Spin-s Spherical Harmonics and {\dh}}",
      journal = {Journal of Mathematical Physics},
         year = "1967",
        month = "Nov",
       volume = {8},
       number = {11},
        pages = {2155-2161},
          doi = {10.1063/1.1705135},
       adsurl = {https://ui.adsabs.harvard.edu/abs/1967JMP.....8.2155G},
      adsnote = {Provided by the SAO/NASA Astrophysics Data System}
}

@article{GHP_paper,
author = {Geroch,R.  and Held,A.  and Penrose,R. },
title = {A space‐time calculus based on pairs of null directions},
journal = {Journal of Mathematical Physics},
volume = {14},
number = {7},
pages = {874-881},
year = {1973},
doi = {10.1063/1.1666410},
URL = {https://doi.org/10.1063/1.1666410},
eprint = {https://doi.org/10.1063/1.1666410}
}

@article{Campanelli:1998jv,
      author         = "Campanelli, Manuela and Lousto, Carlos O.",
      title          = "{Second order gauge invariant gravitational perturbations
                        of a Kerr black hole}",
      journal        = "Phys. Rev.",
      volume         = "D59",
      year           = "1999",
      pages          = "124022",
      doi            = "10.1103/PhysRevD.59.124022",
      eprint         = "gr-qc/9811019",
      archivePrefix  = "arXiv",
      primaryClass   = "gr-qc",
      reportNumber   = "AEI-096",
      SLACcitation   = "%%CITATION = GR-QC/9811019;%%"
}

@article{Teukolsky:1973ha,
      author         = "Teukolsky, Saul A.",
      title          = "{Perturbations of a rotating black hole. 1. Fundamental
                        equations for gravitational electromagnetic and neutrino
                        field perturbations}",
      journal        = "Astrophys. J.",
      volume         = "185",
      year           = "1973",
      pages          = "635-647",
      doi            = "10.1086/152444",
      SLACcitation   = "%%CITATION = ASJOA,185,635;%%"
}

@article{Price:2006ke,
      author         = "Price, Larry R. and Shankar, Karthik and Whiting, Bernard
                        F.",
      title          = "{On the existence of radiation gauges in Petrov type II
                        spacetimes}",
      journal        = "Class. Quant. Grav.",
      volume         = "24",
      year           = "2007",
      pages          = "2367-2388",
      doi            = "10.1088/0264-9381/24/9/014",
      eprint         = "gr-qc/0611070",
      archivePrefix  = "arXiv",
      primaryClass   = "gr-qc",
      SLACcitation   = "%%CITATION = GR-QC/0611070;%%"
}

@article{PhysRevD.13.806,
  title = {Applications of metric perturbations of a rotating black hole: distortion of the event horizon},
  author = {Chrzanowski, Paul L.},
  journal = {Phys. Rev. D},
  volume = {13},
  issue = {4},
  pages = {806--818},
  numpages = {0},
  year = {1976},
  month = {Feb},
  publisher = {American Physical Society},
  doi = {10.1103/PhysRevD.13.806},
  url = {https://link.aps.org/doi/10.1103/PhysRevD.13.806}
}

@article{Ori:2002uv,
      author         = "Ori, Amos",
      title          = "{Reconstruction of inhomogeneous metric perturbations and
                        electromagnetic four potential in Kerr space-time}",
      journal        = "Phys. Rev.",
      volume         = "D67",
      year           = "2003",
      pages          = "124010",
      doi            = "10.1103/PhysRevD.67.124010",
      eprint         = "gr-qc/0207045",
      archivePrefix  = "arXiv",
      primaryClass   = "gr-qc",
      SLACcitation   = "%%CITATION = GR-QC/0207045;%%"
}

@article{Harms_2013,
	doi = {10.1088/0264-9381/30/11/115013},
	url = {https://doi.org/10.1088%2F0264-9381%2F30%2F11%2F115013},
	year = 2013,
	month = {may},
	publisher = {{IOP} Publishing},
	volume = {30},
	number = {11},
	pages = {115013},
	author = {Enno Harms and Sebastiano Bernuzzi and Bernd Brügmann},
	title = {Numerical solution of the 2 + 1 Teukolsky equation on a hyperboloidal and horizon penetrating foliation of Kerr and application to late-time decays},
	journal = {Classical and Quantum Gravity}
}

@article{Harms:2014dqa,
      author         = "Harms, Enno and Bernuzzi, Sebastiano and Nagar,
                        Alessandro and Zengino{\u{g}}lu, An{\i}l",
      title          = "{A new gravitational wave generation algorithm for
                        particle perturbations of the Kerr spacetime}",
      journal        = "Class. Quant. Grav.",
      volume         = "31",
      year           = "2014",
      number         = "24",
      pages          = "245004",
      doi            = "10.1088/0264-9381/31/24/245004",
      eprint         = "1406.5983",
      archivePrefix  = "arXiv",
      primaryClass   = "gr-qc",
      SLACcitation   = "%%CITATION = ARXIV:1406.5983;%%"
}

@article{Racz:2011qu,
      author         = "Racz, Istvan and Toth, Gabor Zsolt",
      title          = "{Numerical investigation of the late-time Kerr tails}",
      journal        = "Class. Quant. Grav.",
      volume         = "28",
      year           = "2011",
      pages          = "195003",
      doi            = "10.1088/0264-9381/28/19/195003",
      eprint         = "1104.4199",
      archivePrefix  = "arXiv",
      primaryClass   = "gr-qc",
      SLACcitation   = "%%CITATION = ARXIV:1104.4199;%%"
}

@article{Jasiulek:2011ce,
      author         = "Jasiulek, Michael",
      title          = "{Hyperboloidal slices for the wave equation of
                        Kerr-Schild metrics and numerical applications}",
      journal        = "Class. Quant. Grav.",
      volume         = "29",
      year           = "2012",
      pages          = "015008",
      doi            = "10.1088/0264-9381/29/1/015008",
      eprint         = "1109.2513",
      archivePrefix  = "arXiv",
      primaryClass   = "gr-qc",
      SLACcitation   = "%%CITATION = ARXIV:1109.2513;%%"
}

@article{Zenginoglu_2008,
	doi = {10.1088/0264-9381/25/14/145002},
	url = {https://doi.org/10.1088%2F0264-9381%2F25%2F14%2F145002},
	year = 2008,
	month = {jun},
	publisher = {{IOP} Publishing},
	volume = {25},
	number = {14},
	pages = {145002},
	author = {An{\i}l Zengino{\u{g}}lu},
	title = {Hyperboloidal foliations and scri-fixing},
	journal = {Classical and Quantum Gravity},
}

@article{Zenginoglu:2010cq,
    author = "Zenginoglu, Anil",
    title = "{Hyperboloidal layers for hyperbolic equations on unbounded domains}",
    eprint = "1008.3809",
    archivePrefix = "arXiv",
    primaryClass = "math.NA",
    doi = "10.1016/j.jcp.2010.12.016",
    journal = "J. Comput. Phys.",
    volume = "230",
    pages = "2286--2302",
    year = "2011"
}

@book{Hawking:1973uf,
      author         = "Hawking, S. W. and Ellis, G. F. R.",
      title          = "{The Large Scale Structure of Space-Time}",
      publisher      = "Cambridge University Press",
      year           = "2011",
      series         = "Cambridge Monographs on Mathematical Physics",
      doi            = "10.1017/CBO9780511524646",
      ISBN           = "9780521200165, 9780521099066, 9780511826306,
                        9780521099066",
      SLACcitation   = "%%CITATION = INSPIRE-87997;%%"
}

@book{fornberg_1996, 
	place={Cambridge}, 
	series={Cambridge Monographs on Applied and Computational Mathematics}, 
	title={A Practical Guide to Pseudospectral Methods}, 
	DOI={10.1017/CBO9780511626357}, 
	publisher={Cambridge University Press}, 
	author={Fornberg, Bengt}, 
	year={1996}, 
	collection={Cambridge Monographs on Applied and Computational Mathematics}
}

@book{boyd2001chebyshev,
  title={Chebyshev and Fourier Spectral Methods: Second Revised Edition},
  author={Boyd, J.P.},
  isbn={9780486411835},
  lccn={lc00027475},
  series={Dover Books on Mathematics},
  url={https://books.google.com/books?id=lEWnQWyzLQYC},
  year={2001},
  publisher={Dover Publications}
}

@book{canuto_spectral_2007,
title={Spectral Methods: Fundamentals in Single Domains},
  author={Canuto, C. and Hussaini, M.Y. and Quarteroni, A. and Zang, T.A.},
  isbn={9783540307266},
  lccn={2006922326},
  series={Scientific Computation},
  url={https://books.google.com/books?id=DFJB0kiq0CQC},
  year={2007},
  publisher={Springer-Verlag Berlin Heilderberg}
}

@book{Trefethen:2000,
 author = {Trefethen, Lloyd N.},
 title = {Spectral Methods in MatLab},
 year = {2000},
 isbn = {0-89871-465-6},
 publisher = {Society for Industrial and Applied Mathematics},
 address = {Philadelphia, PA, USA},
}

@article{Kidder:2000yq,
      author         = "Kidder, Lawrence E. and Scheel, Mark A. and Teukolsky,
                        Saul A. and Carlson, Eric D. and Cook, Gregory B.",
      title          = "{Black hole evolution by spectral methods}",
      journal        = "Phys. Rev.",
      volume         = "D62",
      year           = "2000",
      pages          = "084032",
      doi            = "10.1103/PhysRevD.62.084032",
      eprint         = "gr-qc/0005056",
      archivePrefix  = "arXiv",
      primaryClass   = "gr-qc",
      SLACcitation   = "%%CITATION = GR-QC/0005056;%%"
}

@book{doi:10.1142/4463,
author = {Virchenko, Nina and Fedotova, Iryna},
title = {Generalized Associated Legendre Functions and Their Applications},
publisher = {WORLD SCIENTIFIC},
year = {2001},
doi = {10.1142/4463},
address = {},
edition   = {},
URL = {https://www.worldscientific.com/doi/abs/10.1142/4463},
eprint = {https://www.worldscientific.com/doi/pdf/10.1142/4463}
}

@Article{Kuipers1959,
author="Kuipers, L.",
title="Generalized Legendre's associated functions (Integral theorems, recurrence formulas)",
journal="Monatshefte f{\"u}r Mathematik",
year="1959",
month="Mar",
day="01",
volume="63",
number="1",
pages="24--31",
issn="1436-5081",
doi="10.1007/BF01328816",
url="https://doi.org/10.1007/BF01328816"
}

@article{Deadman_2010,
	doi = {10.1088/0264-9381/28/1/015003},
	url = {https://doi.org/10.1088%2F0264-9381%2F28%2F1%2F015003},
	year = 2010,
	month = {dec},
	publisher = {{IOP} Publishing},
	volume = {28},
	number = {1},
	pages = {015003},
	author = {E Deadman and J M Stewart},
	title = {Linearized perturbations of the Kerr spacetime and outer boundary conditions in numerical relativity},
	journal = {Classical and Quantum Gravity},
}

@book{abramowitz1965handbook,
  title={Handbook of Mathematical Functions: With Formulas, Graphs, and Mathematical Tables},
  author={Abramowitz, M. and Stegun, I.A.},
  isbn={9780486612720},
  lccn={lc65012253},
  series={Applied mathematics series},
  url={https://books.google.com/books?id=MtU8uP7XMvoC},
  year={1965},
  publisher={Dover Publications}
}

@misc{NIST:DLMF,
         key = "{\relax DLMF}",
       title = "{\it NIST Digital Library of Mathematical Functions}",
howpublished = "http://dlmf.nist.gov/, Release 1.0.24 of 2019-09-15",
         url = "http://dlmf.nist.gov/",
        note = "F.~W.~J. Olver, A.~B. {Olde Daalhuis}, D.~W. Lozier, B.~I. Schneider,
                R.~F. Boisvert, C.~W. Clark, B.~R. Miller, B.~V. Saunders,
                H.~S. Cohl, and M.~A. McClain, eds."}

@book{belousov2014tables,
  title={Tables of Normalized Associated Legendre Polynomials: Mathematical Tables Series},
  author={Belousov, S.L.},
  isbn={9781483184708},
  url={https://books.google.com/books?id=u\_viBQAAQBAJ},
  year={2014},
  publisher={Elsevier Science}
}

@article{doi:10.1063/1.1666175,
author = {Bardeen,James M.  and Press,William H. },
title = {Radiation fields in the Schwarzschild background},
journal = {Journal of Mathematical Physics},
volume = {14},
number = {1},
pages = {7-19},
year = {1973},
doi = {10.1063/1.1666175},

URL = { 
        https://doi.org/10.1063/1.1666175    
},
eprint = { 
        https://doi.org/10.1063/1.1666175 
}
}

@article{PhysRevD.61.084004,
  title = {Evolution of circular, nonequatorial orbits of Kerr black holes due to gravitational-wave emission},
  author = {Hughes, Scott A.},
  journal = {Phys. Rev. D},
  volume = {61},
  issue = {8},
  pages = {084004},
  numpages = {28},
  year = {2000},
  month = {Mar},
  publisher = {American Physical Society},
  doi = {10.1103/PhysRevD.61.084004},
  url = {https://link.aps.org/doi/10.1103/PhysRevD.61.084004}
}

@ARTICLE{Press_Teukolksy_BHII,
   author = {{Press}, W.~H. and {Teukolsky}, S.~A.},
    title = "{Perturbations of a Rotating Black Hole. II. Dynamical Stability of the Kerr Metric}",
  journal = {ApJ},
     year = 1973,
    month = oct,
   volume = 185,
    pages = {649-674},
      doi = {10.1086/152445},
   adsurl = {https://ui.adsabs.harvard.edu/abs/1973ApJ...185..649P},
  adsnote = {Provided by the SAO/NASA Astrophysics Data System}
}

@ARTICLE{Press_Teukolsky_BHIII,
   author = {{Teukolsky}, S.~A. and {Press}, W.~H.},
    title = "{Perturbations of a rotating black hole. III - Interaction of the hole with gravitational and electromagnetic radiation}",
  journal = {ApJ},
 keywords = {Black Holes (Astronomy), Electromagnetic Interactions, Gravitational Waves, Perturbation Theory, Stellar Rotation, Angular Momentum, Asymptotic Methods, Boundary Value Problems, Conservation Laws, Eigenvalues, Electromagnetic Scattering, Energy Transfer, Tables (Data)},
     year = 1974,
    month = oct,
   volume = 193,
    pages = {443-461},
      doi = {10.1086/153180},
   adsurl = {https://ui.adsabs.harvard.edu/abs/1974ApJ...193..443T},
  adsnote = {Provided by the SAO/NASA Astrophysics Data System}
}

@article{Berti_2009,
	doi = {10.1088/0264-9381/26/16/163001},
	url = {https://doi.org/10.1088%2F0264-9381%2F26%2F16%2F163001},
	year = 2009,
	month = {jul},
	publisher = {{IOP} Publishing},
	volume = {26},
	number = {16},
	pages = {163001},
	author = {Emanuele Berti and Vitor Cardoso and Andrei O Starinets},
	title = {Quasinormal modes of black holes and black branes},
	journal = {Classical and Quantum Gravity},
}


@ARTICLE{1977RSPSA.358...71B,
   author = {{Breuer}, R.~A. and {Ryan}, Jr., M.~P. and {Waller}, S.},
    title = "{Some properties of spin-weighted spheroidal harmonics}",
  journal = {Proceedings of the Royal Society of London Series A},
 keywords = {Black Holes (Astronomy), Eigenvalues, Eigenvectors, Laplace Equation, Spherical Harmonics, Spin Dynamics, Ellipsoids, Operators (Mathematics), Orthonormal Functions, Prolate Spheroids, Spheroids},
     year = 1977,
    month = dec,
   volume = 358,
    pages = {71-86},
      doi = {10.1098/rspa.1977.0187},
   adsurl = {https://ui.adsabs.harvard.edu/abs/1977RSPSA.358...71B},
  adsnote = {Provided by the SAO/NASA Astrophysics Data System}
}

@misc{lalsuite,
       author         = "{LIGO Scientific Collaboration}",
       title          = "{LIGO} {A}lgorithm {L}ibrary - {LALS}uite",
       howpublished   = "free software (GPL)",
       doi            = "10.7935/GT1W-FZ16",
       year           = "2018"
 }

@book{Hesthaven:2007:NDG:1557392,
 author = {Hesthaven, Jan S. and Warburton, Tim},
 title = {Nodal Discontinuous Galerkin Methods: Algorithms, Analysis, and Applications},
 year = {2007},
 isbn = {0387720650, 9780387720654},
 edition = {1st},
 publisher = {Springer Publishing Company, Incorporated},
}

@ARTICLE{2018arXiv180410320V,
       author = {{Vasil}, Geoff and {Lecoanet}, Daniel and {Burns}, Keaton and
         {Oishi}, Jeff and {Brown}, Ben},
        title = "{Tensor calculus in spherical coordinates using Jacobi polynomials. Part-I: Mathematical analysis and derivations}",
      journal = {arXiv e-prints},
     keywords = {Mathematics - Numerical Analysis, Astrophysics - Instrumentation and Methods for Astrophysics, Mathematics - Classical Analysis and ODEs, Physics - Fluid Dynamics},
         year = "2018",
        month = "Apr",
          eid = {arXiv:1804.10320},
        pages = {arXiv:1804.10320},
archivePrefix = {arXiv},
       eprint = {1804.10320},
 primaryClass = {math.NA},
       adsurl = {https://ui.adsabs.harvard.edu/abs/2018arXiv180410320V},
      adsnote = {Provided by the SAO/NASA Astrophysics Data System}
}

@article{10.1111/j.1365-246X.1973.tb02407.x,
    author = {Phinney, Robert A. and Burridge, Robert},
    title = "{Representation of the Elastic - Gravitational Excitation of a Spherical Earth Model by Generalized Spherical Harmonics}",
    journal = {Geophysical Journal International},
    volume = {34},
    number = {4},
    pages = {451-487},
    year = {1973},
    month = {12},
    issn = {0956-540X},
    doi = {10.1111/j.1365-246X.1973.tb02407.x},
    url = {https://doi.org/10.1111/j.1365-246X.1973.tb02407.x},
    eprint = {http://oup.prod.sis.lan/gji/article-pdf/34/4/451/1912034/34-4-451.pdf},
}

@ARTICLE{1969PCPS...65..157B,
   author = {{Burridge}, R.},
    title = "{Spherically symmetric differential equations, the rotation group, and tensor spherical functions}",
  journal = {Proceedings of the Cambridge Philosophical Society},
     year = 1969,
   volume = 65,
    pages = {157},
      doi = {10.1017/S0305004100044170},
   adsurl = {https://ui.adsabs.harvard.edu/abs/1969PCPS...65..157B},
  adsnote = {Provided by the SAO/NASA Astrophysics Data System}
}

@book{gelfand2018representations,
  title={Representations of the Rotation and Lorentz Groups and Their Applications},
  author={Gelfand, I.M. and Minlos, R.A. and Shapiro, Z.Y.},
  isbn={9780486823850},
  lccn={2017048189},
  url={https://books.google.com/books?id=\_QZRDwAAQBAJ},
  year={2018},
  publisher={Dover Publications}
}

@manual{mpmath,
  key     = {mpmath},
  author  = {Fredrik Johansson and others},
  title   = {mpmath: a {P}ython library for arbitrary-precision floating-point arithmetic (version 0.18)},
  note    = {{\tt http://mpmath.org/}},
  month   = {December},
  year    = {2013},
}

@article{PhysRevD.11.2042,
  title = {Vector potential and metric perturbations of a rotating black hole},
  author = {Chrzanowski, Paul L.},
  journal = {Phys. Rev. D},
  volume = {11},
  issue = {8},
  pages = {2042--2062},
  numpages = {0},
  year = {1975},
  month = {Apr},
  publisher = {American Physical Society},
  doi = {10.1103/PhysRevD.11.2042},
  url = {https://link.aps.org/doi/10.1103/PhysRevD.11.2042}
}

@article{PhysRevLett.41.203,
  title = {Construction of Solutions of Gravitational, Electromagnetic, or Other Perturbation Equations from Solutions of Decoupled Equations},
  author = {Wald, Robert M.},
  journal = {Phys. Rev. Lett.},
  volume = {41},
  issue = {4},
  pages = {203--206},
  numpages = {0},
  year = {1978},
  month = {Jul},
  publisher = {American Physical Society},
  doi = {10.1103/PhysRevLett.41.203},
  url = {https://link.aps.org/doi/10.1103/PhysRevLett.41.203}
}

@article{doi:10.1063/1.1666203,
author = {Wald,Robert M. },
title = {On perturbations of a Kerr black hole},
journal = {Journal of Mathematical Physics},
volume = {14},
number = {10},
pages = {1453-1461},
year = {1973},
doi = {10.1063/1.1666203},
URL = {https://doi.org/10.1063/1.1666203},
eprint = {https://doi.org/10.1063/1.1666203}
}

@article{Green:2019nam,
      author         = "Green, Stephen R. and Hollands, Stefan and Zimmerman,
                        Peter",
      title          = "{Teukolsky formalism for nonlinear Kerr perturbations}",
      year           = "2019",
      eprint         = "1908.09095",
      archivePrefix  = "arXiv",
      primaryClass   = "gr-qc",
      SLACcitation   = "%%CITATION = ARXIV:1908.09095;%%"
}

@article{doi:10.1098/rspa.1979.0101,
author = {Stewart, J. M.  and Hawking, Stephen William },
title = {Hertz--Bromwich--Debye--Whittaker--Penrose potentials in general relativity},
journal = {Proceedings of the Royal Society of London. A. Mathematical and Physical Sciences},
volume = {367},
number = {1731},
pages = {527-538},
year = {1979},
doi = {10.1098/rspa.1979.0101},
URL = {https://royalsocietypublishing.org/doi/abs/10.1098/rspa.1979.0101},
eprint = {https://royalsocietypublishing.org/doi/pdf/10.1098/rspa.1979.0101}
}

@article{Bantilan:2012vu,
      author         = "Bantilan, Hans and Pretorius, Frans and Gubser, Steven
                        S.",
      title          = "{Simulation of Asymptotically AdS5 Spacetimes with a
                        Generalized Harmonic Evolution Scheme}",
      journal        = "Phys. Rev.",
      volume         = "D85",
      year           = "2012",
      pages          = "084038",
      doi            = "10.1103/PhysRevD.85.084038",
      eprint         = "1201.2132",
      archivePrefix  = "arXiv",
      primaryClass   = "hep-th",
      SLACcitation   = "%%CITATION = ARXIV:1201.2132;%%"
}

@article{Dafermos:2016uzj,
      author         = "Dafermos, Mihalis and Holzegel, Gustav and Rodnianski,
                        Igor",
      title          = "{The linear stability of the Schwarzschild solution to
                        gravitational perturbations}",
      journal        = "Acta Math.",
      volume         = "222",
      year           = "2019",
      pages          = "1-214",
      doi            = "10.4310/ACTA.2019.v222.n1.a1",
      eprint         = "1601.06467",
      archivePrefix  = "arXiv",
      primaryClass   = "gr-qc",
      SLACcitation   = "%%CITATION = ARXIV:1601.06467;%%"
}

@phdthesis{Giorgi:2019ywg,
      author         = "Giorgi, Elena",
      title          = "{The linear stability of Reissner-Nordstr\"om spacetime
                        for small charge}",
      year           = "2019",
      eprint         = "1904.04926",
      archivePrefix  = "arXiv",
      primaryClass   = "gr-qc",
      SLACcitation   = "%%CITATION = ARXIV:1904.04926;%%"
}

@article{Pretorius:1998sf,
      author         = "Pretorius, Frans and Israel, Werner",
      title          = "{Quasispherical light cones of the Kerr geometry}",
      journal        = "Class. Quant. Grav.",
      volume         = "15",
      year           = "1998",
      pages          = "2289-2301",
      doi            = "10.1088/0264-9381/15/8/012",
      eprint         = "gr-qc/9803080",
      archivePrefix  = "arXiv",
      primaryClass   = "gr-qc",
      SLACcitation   = "%%CITATION = GR-QC/9803080;%%"
}

@article{Berti:2009kk,
      author         = "Berti, Emanuele and Cardoso, Vitor and Starinets, Andrei
                        O.",
      title          = "{Quasinormal modes of black holes and black branes}",
      journal        = "Class. Quant. Grav.",
      volume         = "26",
      year           = "2009",
      pages          = "163001",
      doi            = "10.1088/0264-9381/26/16/163001",
      eprint         = "0905.2975",
      archivePrefix  = "arXiv",
      primaryClass   = "gr-qc",
      SLACcitation   = "%%CITATION = ARXIV:0905.2975;%%"
}

@article{Berti:2005ys,
      author         = "Berti, Emanuele and Cardoso, Vitor and Will, Clifford M.",
      title          = "{On gravitational-wave spectroscopy of massive black
                        holes with the space interferometer LISA}",
      journal        = "Phys. Rev.",
      volume         = "D73",
      year           = "2006",
      pages          = "064030",
      doi            = "10.1103/PhysRevD.73.064030",
      eprint         = "gr-qc/0512160",
      archivePrefix  = "arXiv",
      primaryClass   = "gr-qc",
      SLACcitation   = "%%CITATION = GR-QC/0512160;%%"
}

@Article{FFTW05,
  author = 	 {Frigo, Matteo and Johnson, Steven~G.},
  title = 	 {The Design and Implementation of {FFTW3}},
  journal = 	 {Proceedings of the IEEE},
  year = 	 2005,
  volume =	 93,
  number =	 2,
  pages =	 {216--231},
  note =	 {Special issue on ``Program Generation, Optimization, and Platform Adaptation''}
}

@MISC{eigenweb,
  author = {Ga\"{e}l Guennebaud and Beno\^{i}t Jacob and others},
  title = {Eigen v3},
  howpublished = {http://eigen.tuxfamily.org},
  year = {2010}
}

@misc{Mathematica,
  author = {Wolfram Research{,} Inc.},
  title = {Mathematica, {V}ersion 12.0},
  url = {https://www.wolfram.com/mathematica},
  note = {Champaign, IL, 2019}
}

@book{castillo20123,
  title={3-D Spinors, Spin-Weighted Functions and their Applications},
  author={Castillo, G.F.T.},
  isbn={9780817681463},
  series={Progress in Mathematical Physics},
  url={https://books.google.com/books?id=OGrjBwAAQBAJ},
  year={2012},
  publisher={Birkh{\"a}user Boston}
}

@article{vanderburg_bondi_ix,
author = {Van der Burg, M. G. J.  and Bondi, Hermann },
title = {Gravitational waves in general relativity IX. Conserved quantities},
journal = {Proceedings of the Royal Society of London. Series A. Mathematical and Physical Sciences},
volume = {294},
number = {1436},
pages = {112-122},
year = {1966},
doi = {10.1098/rspa.1966.0197},

URL = {https://royalsocietypublishing.org/doi/abs/10.1098/rspa.1966.0197},
eprint = {https://royalsocietypublishing.org/doi/pdf/10.1098/rspa.1966.0197}
}

@article{Bondi_vanderburg_metzner_VII,
author = {Bondi, Hermann  and Van der Burg, M. G. J.  and Metzner, A. W. K. },
title = {Gravitational waves in general relativity, VII. Waves from axi-symmetric isolated system},
journal = {Proceedings of the Royal Society of London. Series A. Mathematical and Physical Sciences},
volume = {269},
number = {1336},
pages = {21-52},
year = {1962},
doi = {10.1098/rspa.1962.0161},

URL = {https://royalsocietypublishing.org/doi/abs/10.1098/rspa.1962.0161},
eprint = {https://royalsocietypublishing.org/doi/pdf/10.1098/rspa.1962.0161}
}

@article{Sachs_Bondi_VIII,
author = {Sachs, R. K. :  and Bondi, Hermann },
title = {Gravitational waves in general relativity VIII. Waves in asymptotically flat space-time},
journal = {Proceedings of the Royal Society of London. Series A. Mathematical and Physical Sciences},
volume = {270},
number = {1340},
pages = {103-126},
year = {1962},
doi = {10.1098/rspa.1962.0206},

URL = {https://royalsocietypublishing.org/doi/abs/10.1098/rspa.1962.0206},
eprint = {https://royalsocietypublishing.org/doi/pdf/10.1098/rspa.1962.0206}
}

@article{Lehner:2007ip,
    author = "Lehner, Luis and Moreschi, Osvaldo M.",
    title = "{Dealing with delicate issues in waveforms calculations}",
    eprint = "0706.1319",
    archivePrefix = "arXiv",
    primaryClass = "gr-qc",
    doi = "10.1103/PhysRevD.76.124040",
    journal = "Phys. Rev. D",
    volume = "76",
    pages = "124040",
    year = "2007"
}

@article{Hilditch:2019maz,
    author = "Hilditch, David and Valiente Kroon, Juan A. and Zhao, Peng",
    title = "{Revisiting the characteristic initial value problem for the vacuum Einstein field equations}",
    eprint = "1911.00047",
    archivePrefix = "arXiv",
    primaryClass = "gr-qc",
    doi = "10.1007/s10714-020-02747-2",
    journal = "Gen. Rel. Grav.",
    volume = "52",
    number = "10",
    pages = "99",
    year = "2020"
}

@article{Ripley:2020xby,
    author = "Ripley, Justin L. and Loutrel, Nicholas and Giorgi, Elena and Pretorius, Frans",
    title = "{Numerical computation of second order vacuum perturbations of Kerr black holes}",
    eprint = "2010.00162",
    archivePrefix = "arXiv",
    primaryClass = "gr-qc",
    month = "9",
    year = "2020"
}

@article{Baryakhtar:2020gao,
    author = "Baryakhtar, Masha and Galanis, Marios and Lasenby, Robert and Simon, Olivier",
    title = "{Black hole superradiance of self-interacting scalar fields}",
    eprint = "2011.11646",
    archivePrefix = "arXiv",
    primaryClass = "hep-ph",
    month = "11",
    year = "2020"
}

@article{Aretakis:2012ei,
    author = "Aretakis, Stefanos",
    title = "{Horizon Instability of Extremal Black Holes}",
    eprint = "1206.6598",
    archivePrefix = "arXiv",
    primaryClass = "gr-qc",
    doi = "10.4310/ATMP.2015.v19.n3.a1",
    journal = "Adv. Theor. Math. Phys.",
    volume = "19",
    pages = "507--530",
    year = "2015"
}

@article{Yang:2014tla,
    author = "Yang, Huan and Zimmerman, Aaron and Lehner, Luis",
    title = "{Turbulent Black Holes}",
    eprint = "1402.4859",
    archivePrefix = "arXiv",
    primaryClass = "gr-qc",
    doi = "10.1103/PhysRevLett.114.081101",
    journal = "Phys. Rev. Lett.",
    volume = "114",
    pages = "081101",
    year = "2015"
}

@ARTICLE{2013GGG....14..751S,
       author = {{Schaeffer}, Nathana{\"e}L.},
        title = "{Efficient spherical harmonic transforms aimed at pseudospectral numerical simulations}",
      journal = {Geochemistry, Geophysics, Geosystems},
     keywords = {spherical harmonics, performance, mathematical software, Physics - Computational Physics, Computer Science - Mathematical Software, Computer Science - Numerical Analysis, Computer Science - Performance},
         year = 2013,
        month = mar,
       volume = {14},
       number = {3},
        pages = {751-758},
          doi = {10.1002/ggge.20071},
archivePrefix = {arXiv},
       eprint = {1202.6522},
 primaryClass = {physics.comp-ph},
       adsurl = {https://ui.adsabs.harvard.edu/abs/2013GGG....14..751S},
      adsnote = {Provided by the SAO/NASA Astrophysics Data System}
}

@article{Baumann:2019eav,
    author = "Baumann, Daniel and Chia, Horng Sheng and Stout, John and ter Haar, Lotte",
    title = "{The Spectra of Gravitational Atoms}",
    eprint = "1908.10370",
    archivePrefix = "arXiv",
    primaryClass = "gr-qc",
    doi = "10.1088/1475-7516/2019/12/006",
    journal = "JCAP",
    volume = "12",
    pages = "006",
    year = "2019"
}

@article{Aretakis:2011ha,
    author = "Aretakis, Stefanos",
    title = {{Stability and Instability of Extreme Reissner-Nordstr\"om Black Hole Spacetimes for Linear Scalar Perturbations I}},
    eprint = "1110.2007",
    archivePrefix = "arXiv",
    primaryClass = "gr-qc",
    doi = "10.1007/s00220-011-1254-5",
    journal = "Commun. Math. Phys.",
    volume = "307",
    pages = "17--63",
    year = "2011"
}

@article{Aretakis:2011gz,
    author = "Aretakis, Stefanos",
    title = "{Decay of Axisymmetric Solutions of the Wave Equation on Extreme Kerr Backgrounds}",
    eprint = "1110.2006",
    archivePrefix = "arXiv",
    primaryClass = "gr-qc",
    doi = "10.1016/j.jfa.2012.08.015",
    journal = "J. Funct. Anal.",
    volume = "263",
    pages = "2770--2831",
    year = "2012"
}

@article{Aretakis:2012bm,
    author = "Aretakis, Stefanos",
    title = "{A note on instabilities of extremal black holes under scalar perturbations from afar}",
    eprint = "1212.1103",
    archivePrefix = "arXiv",
    primaryClass = "gr-qc",
    doi = "10.1088/0264-9381/30/9/095010",
    journal = "Class. Quant. Grav.",
    volume = "30",
    pages = "095010",
    year = "2013"
}

@article{Aretakis:2013dpa,
    author = "Aretakis, Stefanos",
    title = "{Nonlinear instability of scalar fields on extremal black holes}",
    eprint = "1304.4616",
    archivePrefix = "arXiv",
    primaryClass = "gr-qc",
    doi = "10.1103/PhysRevD.87.084052",
    journal = "Phys. Rev. D",
    volume = "87",
    pages = "084052",
    year = "2013"
}

@article{Winicour:1988aq,
    author = "Winicour, J.",
    title = "{MASSIVE FIELDS AT NULL INFINITY}",
    doi = "10.1063/1.527836",
    journal = "J. Math. Phys.",
    volume = "29",
    pages = "2117--2121",
    year = "1988"
}
